<?xml version="1.0" encoding="UTF-8"?><collection xmlns="http://www.loc.gov/MARC21/slim"><record><leader>00415nam--2200145-i-4500</leader><controlfield tag="001">000046526</controlfield><controlfield tag="002">20161230</controlfield><controlfield tag="005">20161230201046</controlfield><controlfield tag="008">060222s1000------------r-----000-0-eng-d</controlfield><datafield ind1=" " ind2=" " tag="080"><subfield code="a">517.57</subfield></datafield><datafield ind1="1" ind2=" " tag="100"><subfield code="a">Gelfand, I.M</subfield></datafield><datafield ind1="1" ind2="0" tag="245"><subfield code="a">Functii generalizate. aplicatii ale analizei armonice</subfield><subfield code="c">Vilenkin,n.i</subfield></datafield><datafield ind1=" " ind2=" " tag="260"><subfield code="a">Bucuresti, Ed.St.Si Enciclopedica, 1985. 423 P</subfield></datafield><datafield ind1=" " ind2=" " tag="852"><subfield code="a">72267</subfield><subfield code="c">517.5</subfield></datafield><datafield ind1=" " ind2=" " tag="CAT"><subfield code="a">Sys</subfield><subfield code="c">20080812</subfield><subfield code="h">081244</subfield></datafield></record></collection>